@Misc{WEB:judgement,
  howpublished = {\url{https://zh.wikipedia.org/wiki/%E4%B8%AD%E5%9B%BD%E8%A3%81%E5%88%A4%E6%96%87%E4%B9%A6%E7%BD%91}},
  note = {},
  title = {中国裁判文书网},
  author = {}
}

@Misc{WEB:turing_test,
  howpublished = {\url{https://en.wikipedia.org/wiki/Turing_test}},
  note = {},
  title = {Turing Test},
  author = {}
}

@article{DBLP:journals/corr/JozefowiczVSSW16,
  author    = {Rafal J{\'{o}}zefowicz and
               Oriol Vinyals and
               Mike Schuster and
               Noam Shazeer and
               Yonghui Wu},
  title     = {Exploring the Limits of Language Modeling},
  journal   = {CoRR},
  volume    = {abs/1602.02410},
  year      = {2016},
  url       = {http://arxiv.org/abs/1602.02410},
  archivePrefix = {arXiv},
  eprint    = {1602.02410},
  timestamp = {Mon, 13 Aug 2018 16:48:43 +0200},
  biburl    = {https://dblp.org/rec/bib/journals/corr/JozefowiczVSSW16},
  bibsource = {dblp computer science bibliography, https://dblp.org}
}

@INPROCEEDINGS{Macqueen67somemethods,
  author = {J.Macqueen},
  title = {Some methods for classification and analysis of multivariate observations},
  booktitle = {In 5-th Berkeley Symposium on Mathematical Statistics and Probability},
  year = {1967},
  pages = {281--297}
}

@article{ZW:cluster_alg_study_compare,
  author={印晓天 and 湛高峰},
  title={聚类分析算法概述及其适用性比较},
  journal={科技资讯},
  year={2018},
  volume={16},
  number={33},
  pages={230-232},
  month={3},
}

@inproceedings{Yin:2014, 
 author = {Yin, Jianhua and Wang, Jianyong},
 title = {A Dirichlet Multinomial Mixture Model-based Approach for Short Text Clustering},
 booktitle = {Proceedings of the 20th ACM SIGKDD International Conference on Knowledge Discovery and Data Mining},
 series = {KDD '14},
 year = {2014},
 isbn = {978-1-4503-2956-9},
 location = {New York, New York, USA},
 pages = {233--242},
 numpages = {10},
 url = {http://doi.acm.org/10.1145/2623330.2623715},
 doi = {10.1145/2623330.2623715},
 acmid = {2623715},
 publisher = {ACM},
 address = {New York, NY, USA},
 keywords = {dirichlet multinomial mixture, gibbs sampling, short text clustering},
} 

@inproceedings{macqueen1967,
  address = "Berkeley, Calif.",
  author = "MacQueen, J.",
  booktitle = "Proceedings of the Fifth Berkeley Symposium on Mathematical Statistics and Probability, Volume 1: Statistics",
  pages = "281--297",
  publisher = "University of California Press",
  title = "Some methods for classification and analysis of multivariate observations",
  url = "https://projecteuclid.org/euclid.bsmsp/1200512992",
  year = "1967"
}

@ARTICLE{Lloyd1056489, 
  author={S. {Lloyd}}, 
  journal={IEEE Transactions on Information Theory}, 
  title={Least squares quantization in PCM}, 
  year={1982}, 
  volume={28}, 
  number={2}, 
  pages={129-137}, 
  keywords={Least-squares approximation;PCM communication;Quantization (signal);Signal quantization}, 
  doi={10.1109/TIT.1982.1056489}, 
  ISSN={0018-9448}, 
  month={March},
}

@article{DBLP:journals/csur/JainMF99,
  author    = {Anil K. Jain and
               M. Narasimha Murty and
               Patrick J. Flynn},
  title     = {Data Clustering: {A} Review},
  journal   = {{ACM} Comput. Surv.},
  volume    = {31},
  number    = {3},
  pages     = {264--323},
  year      = {1999},
  url       = {https://doi.org/10.1145/331499.331504},
  doi       = {10.1145/331499.331504},
  timestamp = {Fri, 30 Nov 2018 12:48:46 +0100},
  biburl    = {https://dblp.org/rec/bib/journals/csur/JainMF99},
  bibsource = {dblp computer science bibliography, https://dblp.org}
}

@article{DBLP:journals/pami/JainDM00,
  author    = {Anil K. Jain and
               Robert P. W. Duin and
               Jianchang Mao},
  title     = {Statistical Pattern Recognition: {A} Review},
  journal   = {{IEEE} Trans. Pattern Anal. Mach. Intell.},
  volume    = {22},
  number    = {1},
  pages     = {4--37},
  year      = {2000},
  url       = {https://doi.org/10.1109/34.824819},
  doi       = {10.1109/34.824819},
  timestamp = {Wed, 14 Nov 2018 10:51:25 +0100},
  biburl    = {https://dblp.org/rec/bib/journals/pami/JainDM00},
  bibsource = {dblp computer science bibliography, https://dblp.org}
} 

@inproceedings{DBLP:conf/emnlp/RosenbergH07,
  author    = {Andrew Rosenberg and
               Julia Hirschberg},
  title     = {V-Measure: {A} Conditional Entropy-Based External Cluster Evaluation
               Measure},
  booktitle = {EMNLP-CoNLL 2007, Proceedings of the 2007 Joint Conference on Empirical
               Methods in Natural Language Processing and Computational Natural Language
               Learning, June 28-30, 2007, Prague, Czech Republic},
  pages     = {410--420},
  year      = {2007},
  url       = {http://www.aclweb.org/anthology/D07-1043},
  timestamp = {Thu, 22 Jan 2015 16:51:46 +0100},
  biburl    = {https://dblp.org/rec/bib/conf/emnlp/RosenbergH07},
  bibsource = {dblp computer science bibliography, https://dblp.org}
}