@article{DBLP:tyq,
  author    = {汤叶青},
  title     = {\ K-means算法的改进研究},
  volume    = {35},
  pages     = {57-61},
  year      = {2012}
}

@article{DBLP:journals/coling/Vechtomova09,
  author    = {Olga Vechtomova},
  title     = {\emph{Introduction to Information Retrieval} Christopher D. Manning,
               Prabhakar Raghavan, and Hinrich Sch{\"{u}}tze, Cambridge University
               Press, 2008},
  journal   = {Computational Linguistics},
  volume    = {35},
  number    = {2},
  pages     = {307--309},
  year      = {2009},
  url       = {https://doi.org/10.1162/coli.2009.35.2.307},
  doi       = {10.1162/coli.2009.35.2.307},
  timestamp = {Sun, 28 May 2017 13:24:51 +0200},
  biburl    = {https://dblp.org/rec/bib/journals/coling/Vechtomova09},
  bibsource = {dblp computer science bibliography, https://dblp.org}
}

@inproceedings{DBLP:conf/pakdd/WangH03,
  author    = {Xin Wang and
               Howard J. Hamilton},
  title     = {{DBRS:} {A} Density-Based Spatial Clustering Method with Random Sampling},
  booktitle = {Advances in Knowledge Discovery and Data Mining, 7th Pacific-Asia
               Conference, {PAKDD} 2003, Seoul, Korea, April 30 - May 2, 2003, Proceedings},
  pages     = {563--575},
  year      = {2003},
  crossref  = {DBLP:conf/pakdd/2003},
  url       = {https://doi.org/10.1007/3-540-36175-8\_56},
  doi       = {10.1007/3-540-36175-8\_56},
  timestamp = {Mon, 29 May 2017 16:53:44 +0200},
  biburl    = {https://dblp.org/rec/bib/conf/pakdd/WangH03},
  bibsource = {dblp computer science bibliography, https://dblp.org}
}

@article{DBLP:journals/vldb/SkovsgaardJ15,
  author    = {Anders Skovsgaard and
               Christian S. Jensen},
  title     = {Finding top-\emph{k} relevant groups of spatial web objects},
  journal   = {{VLDB} J.},
  volume    = {24},
  number    = {4},
  pages     = {537--555},
  year      = {2015},
  url       = {https://doi.org/10.1007/s00778-015-0388-z},
  doi       = {10.1007/s00778-015-0388-z},
  timestamp = {Sun, 28 May 2017 13:19:16 +0200},
  biburl    = {https://dblp.org/rec/bib/journals/vldb/SkovsgaardJ15},
  bibsource = {dblp computer science bibliography, https://dblp.org}
}

@inproceedings{DBLP:conf/icde/ZhangCMTK09,
  author    = {Dongxiang Zhang and
               Yeow Meng Chee and
               Anirban Mondal and
               Anthony K. H. Tung and
               Masaru Kitsuregawa},
  title     = {Keyword Search in Spatial Databases: Towards Searching by Document},
  booktitle = {Proceedings of the 25th International Conference on Data Engineering,
               {ICDE} 2009, March 29 2009 - April 2 2009, Shanghai, China},
  pages     = {688--699},
  year      = {2009},
  crossref  = {DBLP:conf/icde/2009},
  url       = {https://doi.org/10.1109/ICDE.2009.77},
  doi       = {10.1109/ICDE.2009.77},
  timestamp = {Wed, 17 May 2017 10:55:26 +0200},
  biburl    = {https://dblp.org/rec/bib/conf/icde/ZhangCMTK09},
  bibsource = {dblp computer science bibliography, https://dblp.org}
}

@article{DBLP:journals/cacm/SaltonWY75,
  author    = {Gerard Salton and
               A. Wong and
               Chung{-}Shu Yang},
  title     = {A Vector Space Model for Automatic Indexing},
  journal   = {Commun. {ACM}},
  volume    = {18},
  number    = {11},
  pages     = {613--620},
  year      = {1975},
  url       = {https://doi.org/10.1145/361219.361220},
  doi       = {10.1145/361219.361220},
  timestamp = {Wed, 14 Nov 2018 10:22:36 +0100},
  biburl    = {https://dblp.org/rec/bib/journals/cacm/SaltonWY75},
  bibsource = {dblp computer science bibliography, https://dblp.org}
}

@inproceedings{DBLP:conf/edbt/Rocha-JuniorN12,
  author    = {Jo{\~{a}}o B. Rocha{-}Junior and
               Kjetil N{\o}rv{\aa}g},
  title     = {Top-k spatial keyword queries on road networks},
  booktitle = {15th International Conference on Extending Database Technology, {EDBT}
               '12, Berlin, Germany, March 27-30, 2012, Proceedings},
  pages     = {168--179},
  year      = {2012},
  crossref  = {DBLP:conf/edbt/2012},
  url       = {https://doi.org/10.1145/2247596.2247617},
  doi       = {10.1145/2247596.2247617},
  timestamp = {Tue, 06 Nov 2018 16:59:06 +0100},
  biburl    = {https://dblp.org/rec/bib/conf/edbt/Rocha-JuniorN12},
  bibsource = {dblp computer science bibliography, https://dblp.org}
}

@inproceedings{DBLP:conf/sigir/PonteC98,
  author    = {Jay M. Ponte and
               W. Bruce Croft},
  title     = {A Language Modeling Approach to Information Retrieval},
  booktitle = {{SIGIR} '98: Proceedings of the 21st Annual International {ACM} {SIGIR}
               Conference on Research and Development in Information Retrieval, August
               24-28 1998, Melbourne, Australia},
  pages     = {275--281},
  year      = {1998},
  crossref  = {DBLP:conf/sigir/98},
  url       = {https://doi.org/10.1145/290941.291008},
  doi       = {10.1145/290941.291008},
  timestamp = {Mon, 26 Nov 2018 17:05:48 +0100},
  biburl    = {https://dblp.org/rec/bib/conf/sigir/PonteC98},
  bibsource = {dblp computer science bibliography, https://dblp.org}
}

@inproceedings{DBLP:conf/sigmod/LongWWF13,
  author    = {Cheng Long and
               Raymond Chi{-}Wing Wong and
               Ke Wang and
               Ada Wai{-}Chee Fu},
  title     = {Collective spatial keyword queries: a distance owner-driven approach},
  booktitle = {Proceedings of the {ACM} {SIGMOD} International Conference on Management
               of Data, {SIGMOD} 2013, New York, NY, USA, June 22-27, 2013},
  pages     = {689--700},
  year      = {2013},
  crossref  = {DBLP:conf/sigmod/2013},
  url       = {https://doi.org/10.1145/2463676.2465275},
  doi       = {10.1145/2463676.2465275},
  timestamp = {Wed, 14 Nov 2018 10:56:19 +0100},
  biburl    = {https://dblp.org/rec/bib/conf/sigmod/LongWWF13},
  bibsource = {dblp computer science bibliography, https://dblp.org}
}

@inproceedings{DBLP:conf/icde/ZhangOT10,
  author    = {Dongxiang Zhang and
               Beng Chin Ooi and
               Anthony K. H. Tung},
  title     = {Locating mapped resources in Web 2.0},
  booktitle = {Proceedings of the 26th International Conference on Data Engineering,
               {ICDE} 2010, March 1-6, 2010, Long Beach, California, {USA}},
  pages     = {521--532},
  year      = {2010},
  crossref  = {DBLP:conf/icde/2010},
  url       = {https://doi.org/10.1109/ICDE.2010.5447897},
  doi       = {10.1109/ICDE.2010.5447897},
  timestamp = {Tue, 07 Nov 2017 06:51:45 +0100},
  biburl    = {https://dblp.org/rec/bib/conf/icde/ZhangOT10},
  bibsource = {dblp computer science bibliography, https://dblp.org}
}

@article{DBLP:journals/csur/ZobelM06,
  author    = {Justin Zobel and
               Alistair Moffat},
  title     = {Inverted files for text search engines},
  journal   = {{ACM} Comput. Surv.},
  volume    = {38},
  number    = {2},
  pages     = {6},
  year      = {2006},
  url       = {https://doi.org/10.1145/1132956.1132959},
  doi       = {10.1145/1132956.1132959},
  timestamp = {Wed, 14 Nov 2018 10:31:46 +0100},
  biburl    = {https://dblp.org/rec/bib/journals/csur/ZobelM06},
  bibsource = {dblp computer science bibliography, https://dblp.org}
}

@inproceedings{DBLP:conf/kdd/EsterKSX96,
  author    = {Martin Ester and
               Hans{-}Peter Kriegel and
               J{\"{o}}rg Sander and
               Xiaowei Xu},
  title     = {A Density-Based Algorithm for Discovering Clusters in Large Spatial
               Databases with Noise},
  booktitle = {Proceedings of the Second International Conference on Knowledge Discovery
               and Data Mining (KDD-96), Portland, Oregon, {USA}},
  pages     = {226--231},
  year      = {1996},
  crossref  = {DBLP:conf/kdd/1996},
  url       = {http://www.aaai.org/Library/KDD/1996/kdd96-037.php},
  timestamp = {Sun, 05 Aug 2018 22:58:23 +0200},
  biburl    = {https://dblp.org/rec/bib/conf/kdd/EsterKSX96},
  bibsource = {dblp computer science bibliography, https://dblp.org}
}

@inproceedings{DBLP:conf/sigmod/ChenCC13,
  author    = {Lisi Chen and
               Gao Cong and
               Xin Cao},
  title     = {An efficient query indexing mechanism for filtering geo-textual data},
  booktitle = {Proceedings of the {ACM} {SIGMOD} International Conference on Management
               of Data, {SIGMOD} 2013, New York, NY, USA, June 22-27, 2013},
  pages     = {749--760},
  year      = {2013},
  crossref  = {DBLP:conf/sigmod/2013},
  url       = {https://doi.org/10.1145/2463676.2465328},
  doi       = {10.1145/2463676.2465328},
  timestamp = {Tue, 06 Nov 2018 11:07:39 +0100},
  biburl    = {https://dblp.org/rec/bib/conf/sigmod/ChenCC13},
  bibsource = {dblp computer science bibliography, https://dblp.org}
}

@article{DBLP:journals/pvldb/CaoCJY14,
  author    = {Xin Cao and
               Gao Cong and
               Christian S. Jensen and
               Man Lung Yiu},
  title     = {Retrieving Regions of Interest for User Exploration},
  journal   = {{PVLDB}},
  volume    = {7},
  number    = {9},
  pages     = {733--744},
  year      = {2014},
  url       = {http://www.vldb.org/pvldb/vol7/p733-cao.pdf},
  doi       = {10.14778/2732939.2732946},
  timestamp = {Thu, 16 Aug 2018 11:33:45 +0200},
  biburl    = {https://dblp.org/rec/bib/journals/pvldb/CaoCJY14},
  bibsource = {dblp computer science bibliography, https://dblp.org}
}

@article{DBLP:journals/tods/CaoCGJO15,
  author    = {Xin Cao and
               Gao Cong and
               Tao Guo and
               Christian S. Jensen and
               Beng Chin Ooi},
  title     = {Efficient Processing of Spatial Group Keyword Queries},
  journal   = {{ACM} Trans. Database Syst.},
  volume    = {40},
  number    = {2},
  pages     = {13:1--13:48},
  year      = {2015},
  url       = {https://doi.org/10.1145/2772600},
  doi       = {10.1145/2772600},
  timestamp = {Tue, 06 Nov 2018 12:51:47 +0100},
  biburl    = {https://dblp.org/rec/bib/journals/tods/CaoCGJO15},
  bibsource = {dblp computer science bibliography, https://dblp.org}
}

@article{DBLP:journals/pvldb/CaoCCX12,
  author    = {Xin Cao and
               Lisi Chen and
               Gao Cong and
               Xiaokui Xiao},
  title     = {Keyword-aware Optimal Route Search},
  journal   = {{PVLDB}},
  volume    = {5},
  number    = {11},
  pages     = {1136--1147},
  year      = {2012},
  url       = {http://vldb.org/pvldb/vol5/p1136\_xincao\_vldb2012.pdf},
  doi       = {10.14778/2350229.2350234},
  timestamp = {Thu, 16 Aug 2018 11:33:42 +0200},
  biburl    = {https://dblp.org/rec/bib/journals/pvldb/CaoCCX12},
  bibsource = {dblp computer science bibliography, https://dblp.org}
}

@article{DBLP:journals/pvldb/BoghSJ13,
  author    = {Kenneth S. B{\o}gh and
               Anders Skovsgaard and
               Christian S. Jensen},
  title     = {GroupFinder: {A} New Approach to Top-K Point-of-Interest Group Retrieval},
  journal   = {{PVLDB}},
  volume    = {6},
  number    = {12},
  pages     = {1226--1229},
  year      = {2013},
  url       = {http://www.vldb.org/pvldb/vol6/p1226-skovsgaard.pdf},
  doi       = {10.14778/2536274.2536282},
  timestamp = {Thu, 16 Aug 2018 11:33:43 +0200},
  biburl    = {https://dblp.org/rec/bib/journals/pvldb/BoghSJ13},
  bibsource = {dblp computer science bibliography, https://dblp.org}
}

@inproceedings{DBLP:conf/sigmod/AnkerstBKS99,
  author    = {Mihael Ankerst and
               Markus M. Breunig and
               Hans{-}Peter Kriegel and
               J{\"{o}}rg Sander},
  title     = {{OPTICS:} Ordering Points To Identify the Clustering Structure},
  booktitle = {{SIGMOD} 1999, Proceedings {ACM} {SIGMOD} International Conference
               on Management of Data, June 1-3, 1999, Philadelphia, Pennsylvania,
               {USA.}},
  pages     = {49--60},
  year      = {1999},
  crossref  = {DBLP:conf/sigmod/99},
  url       = {https://doi.org/10.1145/304182.304187},
  doi       = {10.1145/304182.304187},
  timestamp = {Tue, 06 Nov 2018 11:07:39 +0100},
  biburl    = {https://dblp.org/rec/bib/conf/sigmod/AnkerstBKS99},
  bibsource = {dblp computer science bibliography, https://dblp.org}
}

@inproceedings{DBLP:conf/cikm/WuJ16,
  author    = {Dingming Wu and
               Christian S. Jensen},
  title     = {A Density-Based Approach to the Retrieval of Top-K Spatial Textual
               Clusters},
  booktitle = {Proceedings of the 25th {ACM} International Conference on Information
               and Knowledge Management, {CIKM} 2016, Indianapolis, IN, USA, October
               24-28, 2016},
  pages     = {2095--2100},
  year      = {2016},
  crossref  = {DBLP:conf/cikm/2016},
  url       = {https://doi.org/10.1145/2983323.2983648},
  doi       = {10.1145/2983323.2983648},
  timestamp = {Wed, 14 Nov 2018 11:00:19 +0100},
  biburl    = {https://dblp.org/rec/bib/conf/cikm/WuJ16},
  bibsource = {dblp computer science bibliography, https://dblp.org}
}

@article{DBLP:journals/pvldb/TaoHCC13,
  author    = {Yufei Tao and
               Xiaocheng Hu and
               Dong{-}Wan Choi and
               Chin{-}Wan Chung},
  title     = {Approximate MaxRS in Spatial Databases},
  journal   = {{PVLDB}},
  volume    = {6},
  number    = {13},
  pages     = {1546--1557},
  year      = {2013},
  url       = {http://www.vldb.org/pvldb/vol6/p1546-tao.pdf},
  doi       = {10.14778/2536258.2536266},
  timestamp = {Thu, 16 Aug 2018 11:33:42 +0200},
  biburl    = {https://dblp.org/rec/bib/journals/pvldb/TaoHCC13},
  bibsource = {dblp computer science bibliography, https://dblp.org}
}

@inproceedings{DBLP:conf/cikm/LiuYS11,
  author    = {Junling Liu and
               Ge Yu and
               Huanliang Sun},
  title     = {Subject-oriented top-k hot region queries in spatial dataset},
  booktitle = {Proceedings of the 20th {ACM} Conference on Information and Knowledge
               Management, {CIKM} 2011, Glasgow, United Kingdom, October 24-28, 2011},
  pages     = {2409--2412},
  year      = {2011},
  crossref  = {DBLP:conf/cikm/2011},
  url       = {https://doi.org/10.1145/2063576.2063979},
  doi       = {10.1145/2063576.2063979},
  timestamp = {Tue, 06 Nov 2018 16:57:34 +0100},
  biburl    = {https://dblp.org/rec/bib/conf/cikm/LiuYS11},
  bibsource = {dblp computer science bibliography, https://dblp.org}
}

@article{DBLP:journals/pvldb/ChoiCT12,
  author    = {Dong{-}Wan Choi and
               Chin{-}Wan Chung and
               Yufei Tao},
  title     = {A Scalable Algorithm for Maximizing Range Sum in Spatial Databases},
  journal   = {{PVLDB}},
  volume    = {5},
  number    = {11},
  pages     = {1088--1099},
  year      = {2012},
  url       = {http://vldb.org/pvldb/vol5/p1088\_dong-wanchoi\_vldb2012.pdf},
  doi       = {10.14778/2350229.2350230},
  timestamp = {Thu, 16 Aug 2018 11:33:43 +0200},
  biburl    = {https://dblp.org/rec/bib/journals/pvldb/ChoiCT12},
  bibsource = {dblp computer science bibliography, https://dblp.org}
}

@inproceedings{DBLP:conf/edbt/Rocha-JuniorN12,
  author    = {Jo{\~{a}}o B. Rocha{-}Junior and
               Kjetil N{\o}rv{\aa}g},
  title     = {Top-k spatial keyword queries on road networks},
  booktitle = {15th International Conference on Extending Database Technology, {EDBT}
               '12, Berlin, Germany, March 27-30, 2012, Proceedings},
  pages     = {168--179},
  year      = {2012},
  crossref  = {DBLP:conf/edbt/2012},
  url       = {https://doi.org/10.1145/2247596.2247617},
  doi       = {10.1145/2247596.2247617},
  timestamp = {Tue, 06 Nov 2018 16:59:06 +0100},
  biburl    = {https://dblp.org/rec/bib/conf/edbt/Rocha-JuniorN12},
  bibsource = {dblp computer science bibliography, https://dblp.org}
}

@inproceedings{DBLP:conf/sigmod/CaoCJO11,
  author    = {Xin Cao and
               Gao Cong and
               Christian S. Jensen and
               Beng Chin Ooi},
  title     = {Collective spatial keyword querying},
  booktitle = {Proceedings of the {ACM} {SIGMOD} International Conference on Management
               of Data, {SIGMOD} 2011, Athens, Greece, June 12-16, 2011},
  pages     = {373--384},
  year      = {2011},
  crossref  = {DBLP:conf/sigmod/2011},
  url       = {https://doi.org/10.1145/1989323.1989363},
  doi       = {10.1145/1989323.1989363},
  timestamp = {Tue, 06 Nov 2018 11:07:37 +0100},
  biburl    = {https://dblp.org/rec/bib/conf/sigmod/CaoCJO11},
  bibsource = {dblp computer science bibliography, https://dblp.org}
}

@inproceedings{DBLP:conf/icde/LiFX12,
  author    = {Guoliang Li and
               Jianhua Feng and
               Jing Xu},
  title     = {{DESKS:} Direction-Aware Spatial Keyword Search},
  booktitle = {{IEEE} 28th International Conference on Data Engineering {(ICDE} 2012),
               Washington, DC, {USA} (Arlington, Virginia), 1-5 April, 2012},
  pages     = {474--485},
  year      = {2012},
  crossref  = {DBLP:conf/icde/2012},
  url       = {https://doi.org/10.1109/ICDE.2012.93},
  doi       = {10.1109/ICDE.2012.93},
  timestamp = {Fri, 10 Nov 2017 10:17:05 +0100},
  biburl    = {https://dblp.org/rec/bib/conf/icde/LiFX12},
  bibsource = {dblp computer science bibliography, https://dblp.org}
}

@article{DBLP:journals/pvldb/CaoCJ10,
  author    = {Xin Cao and
               Gao Cong and
               Christian S. Jensen},
  title     = {Retrieving Top-k Prestige-Based Relevant Spatial Web Objects},
  journal   = {{PVLDB}},
  volume    = {3},
  number    = {1},
  pages     = {373--384},
  year      = {2010},
  url       = {http://www.vldb.org/pvldb/vldb2010/pvldb\_vol3/R33.pdf},
  doi       = {10.14778/1920841.1920891},
  timestamp = {Tue, 02 Apr 2019 11:51:01 +0200},
  biburl    = {https://dblp.org/rec/bib/journals/pvldb/CaoCJ10},
  bibsource = {dblp computer science bibliography, https://dblp.org}
}

@inproceedings{DBLP:conf/icde/WuYJC11,
  author    = {Dingming Wu and
               Man Lung Yiu and
               Christian S. Jensen and
               Gao Cong},
  title     = {Efficient continuously moving top-k spatial keyword query processing},
  booktitle = {Proceedings of the 27th International Conference on Data Engineering,
               {ICDE} 2011, April 11-16, 2011, Hannover, Germany},
  pages     = {541--552},
  year      = {2011},
  crossref  = {DBLP:conf/icde/2011},
  url       = {https://doi.org/10.1109/ICDE.2011.5767861},
  doi       = {10.1109/ICDE.2011.5767861},
  timestamp = {Sun, 04 Jun 2017 10:12:25 +0200},
  biburl    = {https://dblp.org/rec/bib/conf/icde/WuYJC11},
  bibsource = {dblp computer science bibliography, https://dblp.org}
}

@article{DBLP:journals/tods/WuYJ13,
  author    = {Dingming Wu and
               Man Lung Yiu and
               Christian S. Jensen},
  title     = {Moving spatial keyword queries: Formulation, methods, and analysis},
  journal   = {{ACM} Trans. Database Syst.},
  volume    = {38},
  number    = {1},
  pages     = {7:1--7:47},
  year      = {2013},
  url       = {https://doi.org/10.1145/2445583.2445590},
  doi       = {10.1145/2445583.2445590},
  timestamp = {Tue, 06 Nov 2018 12:51:47 +0100},
  biburl    = {https://dblp.org/rec/bib/journals/tods/WuYJ13},
  bibsource = {dblp computer science bibliography, https://dblp.org}
}

@article{DBLP:journals/tkde/WuYCJ12,
  author    = {Dingming Wu and
               Man Lung Yiu and
               Gao Cong and
               Christian S. Jensen},
  title     = {Joint Top-K Spatial Keyword Query Processing},
  journal   = {{IEEE} Trans. Knowl. Data Eng.},
  volume    = {24},
  number    = {10},
  pages     = {1889--1903},
  year      = {2012},
  url       = {https://doi.org/10.1109/TKDE.2011.172},
  doi       = {10.1109/TKDE.2011.172},
  timestamp = {Thu, 08 Jun 2017 09:04:14 +0200},
  biburl    = {https://dblp.org/rec/bib/journals/tkde/WuYCJ12},
  bibsource = {dblp computer science bibliography, https://dblp.org}
}

@article{DBLP:journals/vldb/WuCJ12,
  author    = {Dingming Wu and
               Gao Cong and
               Christian S. Jensen},
  title     = {A framework for efficient spatial web object retrieval},
  journal   = {{VLDB} J.},
  volume    = {21},
  number    = {6},
  pages     = {797--822},
  year      = {2012},
  url       = {https://doi.org/10.1007/s00778-012-0271-0},
  doi       = {10.1007/s00778-012-0271-0},
  timestamp = {Sun, 28 May 2017 13:19:15 +0200},
  biburl    = {https://dblp.org/rec/bib/journals/vldb/WuCJ12},
  bibsource = {dblp computer science bibliography, https://dblp.org}
}

@inproceedings{DBLP:conf/ssd/RochaGJN11,
  author    = {Jo{\~{a}}o B. Rocha{-}Junior and
               Orestis Gkorgkas and
               Simon Jonassen and
               Kjetil N{\o}rv{\aa}g},
  title     = {Efficient Processing of Top-k Spatial Keyword Queries},
  booktitle = {Advances in Spatial and Temporal Databases - 12th International Symposium,
               {SSTD} 2011, Minneapolis, MN, USA, August 24-26, 2011, Proceedings},
  pages     = {205--222},
  year      = {2011},
  crossref  = {DBLP:conf/ssd/2011},
  url       = {https://doi.org/10.1007/978-3-642-22922-0\_13},
  doi       = {10.1007/978-3-642-22922-0\_13},
  timestamp = {Mon, 05 Jun 2017 12:43:34 +0200},
  biburl    = {https://dblp.org/rec/bib/conf/ssd/RochaGJN11},
  bibsource = {dblp computer science bibliography, https://dblp.org}
}

@inproceedings{DBLP:conf/sigmod/LuLC11,
  author    = {Jiaheng Lu and
               Ying Lu and
               Gao Cong},
  title     = {Reverse spatial and textual k nearest neighbor search},
  booktitle = {Proceedings of the {ACM} {SIGMOD} International Conference on Management
               of Data, {SIGMOD} 2011, Athens, Greece, June 12-16, 2011},
  pages     = {349--360},
  year      = {2011},
  crossref  = {DBLP:conf/sigmod/2011},
  url       = {https://doi.org/10.1145/1989323.1989361},
  doi       = {10.1145/1989323.1989361},
  timestamp = {Tue, 06 Nov 2018 11:07:39 +0100},
  biburl    = {https://dblp.org/rec/bib/conf/sigmod/LuLC11},
  bibsource = {dblp computer science bibliography, https://dblp.org}
}

@article{DBLP:journals/tkde/LiLZLLW11,
  author    = {Zhisheng Li and
               Ken C. K. Lee and
               Baihua Zheng and
               Wang{-}Chien Lee and
               Dik Lun Lee and
               Xufa Wang},
  title     = {IR-Tree: An Efficient Index for Geographic Document Search},
  journal   = {{IEEE} Trans. Knowl. Data Eng.},
  volume    = {23},
  number    = {4},
  pages     = {585--599},
  year      = {2011},
  url       = {https://doi.org/10.1109/TKDE.2010.149},
  doi       = {10.1109/TKDE.2010.149},
  timestamp = {Sat, 16 Sep 2017 12:04:21 +0200},
  biburl    = {https://dblp.org/rec/bib/journals/tkde/LiLZLLW11},
  bibsource = {dblp computer science bibliography, https://dblp.org}
}

@inproceedings{DBLP:conf/cikm/ZhouXWGM05,
  author    = {Yinghua Zhou and
               Xing Xie and
               Chuang Wang and
               Yuchang Gong and
               Wei{-}Ying Ma},
  title     = {Hybrid index structures for location-based web search},
  booktitle = {Proceedings of the 2005 {ACM} {CIKM} International Conference on Information
               and Knowledge Management, Bremen, Germany, October 31 - November 5,
               2005},
  pages     = {155--162},
  year      = {2005},
  crossref  = {DBLP:conf/cikm/2005},
  url       = {https://doi.org/10.1145/1099554.1099584},
  doi       = {10.1145/1099554.1099584},
  timestamp = {Tue, 06 Nov 2018 16:57:45 +0100},
  biburl    = {https://dblp.org/rec/bib/conf/cikm/ZhouXWGM05},
  bibsource = {dblp computer science bibliography, https://dblp.org}
}

@inproceedings{DBLP:conf/dexa/KhodaeiSL10,
  author    = {Ali Khodaei and
               Cyrus Shahabi and
               Chen Li},
  title     = {Hybrid Indexing and Seamless Ranking of Spatial and Textual Features
               of Web Documents},
  booktitle = {Database and Expert Systems Applications, 21st International Conference,
               {DEXA} 2010, Bilbao, Spain, August 30 - September 3, 2010, Proceedings,
               Part {I}},
  pages     = {450--466},
  year      = {2010},
  crossref  = {DBLP:conf/dexa/2010-1},
  url       = {https://doi.org/10.1007/978-3-642-15364-8\_37},
  doi       = {10.1007/978-3-642-15364-8\_37},
  timestamp = {Fri, 26 May 2017 00:48:22 +0200},
  biburl    = {https://dblp.org/rec/bib/conf/dexa/KhodaeiSL10},
  bibsource = {dblp computer science bibliography, https://dblp.org}
}

@inproceedings{DBLP:conf/ssdbm/HariharanHLM07,
  author    = {Ramaswamy Hariharan and
               Bijit Hore and
               Chen Li and
               Sharad Mehrotra},
  title     = {Processing Spatial-Keyword {(SK)} Queries in Geographic Information
               Retrieval {(GIR)} Systems},
  booktitle = {19th International Conference on Scientific and Statistical Database
               Management, {SSDBM} 2007, 9-11 July 2007, Banff, Canada, Proceedings},
  pages     = {16},
  year      = {2007},
  crossref  = {DBLP:conf/ssdbm/2007},
  url       = {https://doi.org/10.1109/SSDBM.2007.22},
  doi       = {10.1109/SSDBM.2007.22},
  timestamp = {Sun, 21 May 2017 00:16:55 +0200},
  biburl    = {https://dblp.org/rec/bib/conf/ssdbm/HariharanHLM07},
  bibsource = {dblp computer science bibliography, https://dblp.org}
}

@inproceedings{DBLP:conf/icde/FelipeHR08,
  author    = {Ian De Felipe and
               Vagelis Hristidis and
               Naphtali Rishe},
  title     = {Keyword Search on Spatial Databases},
  booktitle = {Proceedings of the 24th International Conference on Data Engineering,
               {ICDE} 2008, April 7-12, 2008, Canc{\'{u}}n, Mexico},
  pages     = {656--665},
  year      = {2008},
  crossref  = {DBLP:conf/icde/2008},
  url       = {https://doi.org/10.1109/ICDE.2008.4497474},
  doi       = {10.1109/ICDE.2008.4497474},
  timestamp = {Wed, 20 Jun 2018 17:46:19 +0200},
  biburl    = {https://dblp.org/rec/bib/conf/icde/FelipeHR08},
  bibsource = {dblp computer science bibliography, https://dblp.org}
}

@article{DBLP:journals/pvldb/CongJW09,
  author    = {Gao Cong and
               Christian S. Jensen and
               Dingming Wu},
  title     = {Efficient Retrieval of the Top-k Most Relevant Spatial Web Objects},
  journal   = {{PVLDB}},
  volume    = {2},
  number    = {1},
  pages     = {337--348},
  year      = {2009},
  url       = {http://www.vldb.org/pvldb/2/vldb09-677.pdf},
  doi       = {10.14778/1687627.1687666},
  timestamp = {Thu, 16 Aug 2018 11:33:43 +0200},
  biburl    = {https://dblp.org/rec/bib/journals/pvldb/CongJW09},
  bibsource = {dblp computer science bibliography, https://dblp.org}
}

@inproceedings{DBLP:conf/sigmod/ChenSM06,
  author    = {Yen{-}Yu Chen and
               Torsten Suel and
               Alexander Markowetz},
  title     = {Efficient query processing in geographic web search engines},
  booktitle = {Proceedings of the {ACM} {SIGMOD} International Conference on Management
               of Data, Chicago, Illinois, USA, June 27-29, 2006},
  pages     = {277--288},
  year      = {2006},
  crossref  = {DBLP:conf/sigmod/2006},
  url       = {https://doi.org/10.1145/1142473.1142505},
  doi       = {10.1145/1142473.1142505},
  timestamp = {Tue, 06 Nov 2018 11:07:37 +0100},
  biburl    = {https://dblp.org/rec/bib/conf/sigmod/ChenSM06},
  bibsource = {dblp computer science bibliography, https://dblp.org}
}

@inproceedings{DBLP:conf/sigmod/AnkerstBKS99,
  author    = {Mihael Ankerst and
               Markus M. Breunig and
               Hans{-}Peter Kriegel and
               J{\"{o}}rg Sander},
  title     = {{OPTICS:} Ordering Points To Identify the Clustering Structure},
  booktitle = {{SIGMOD} 1999, Proceedings {ACM} {SIGMOD} International Conference
               on Management of Data, June 1-3, 1999, Philadelphia, Pennsylvania,
               {USA.}},
  pages     = {49--60},
  year      = {1999},
  crossref  = {DBLP:conf/sigmod/99},
  url       = {https://doi.org/10.1145/304182.304187},
  doi       = {10.1145/304182.304187},
  timestamp = {Tue, 06 Nov 2018 11:07:39 +0100},
  biburl    = {https://dblp.org/rec/bib/conf/sigmod/AnkerstBKS99},
  bibsource = {dblp computer science bibliography, https://dblp.org}
}

@article{DBLP:journals/pvldb/BoghSJ13,
  author    = {Kenneth S. B{\o}gh and
               Anders Skovsgaard and
               Christian S. Jensen},
  title     = {GroupFinder: {A} New Approach to Top-K Point-of-Interest Group Retrieval},
  journal   = {{PVLDB}},
  volume    = {6},
  number    = {12},
  pages     = {1226--1229},
  year      = {2013},
  url       = {http://www.vldb.org/pvldb/vol6/p1226-skovsgaard.pdf},
  doi       = {10.14778/2536274.2536282},
  timestamp = {Thu, 16 Aug 2018 11:33:43 +0200},
  biburl    = {https://dblp.org/rec/bib/journals/pvldb/BoghSJ13},
  bibsource = {dblp computer science bibliography, https://dblp.org}
}